@incollection{atkins2018computer,
  title={The computer game as fictional form},
  author={Atkins, Barry},
  booktitle={More than a game},
  year={2018},
  publisher={Manchester University Press}
}

@article{yu2018qphos,
  title={qPhos: a database of protein phosphorylation dynamics in humans},
  author={Yu, Kai and Zhang, Qingfeng and Liu, Zekun and Zhao, Qi and Zhang, Xiaolong and Wang, Yan and Wang, Zi-Xian and Jin, Ying and Li, Xiaoxing and Liu, Ze-Xian and others},
  journal={Nucleic acids research},
  volume={47},
  number={D1},
  pages={D451--D458},
  year={2018},
  publisher={Oxford University Press}
}

@InProceedings{conrad-gecco-selection-study,
  author = 	 {Alexander P. Conrad and Robert S. Roos and Gregory M. Kapfhammer},
  title = 	 {Empirically Studying the Role of Selection Operators During Search-Based Test Suite Prioritization},
  booktitle = {Proceedings of the ACM SIGEVO Genetic and Evolutionary Computation Conference},
  year = 	 {2010},
  address = 	 {Portland, Oregon},
  month = 	 {July}
}

@article{jia2011analysis,
  title={An analysis and survey of the development of mutation testing},
  author={Jia, Yue and Harman, Mark},
  journal={Software Engineering, IEEE Transactions on},
  volume={37},
  number={5},
  pages={649--678},
  year={2011},
  publisher={IEEE}
}
